<record><leader>00000cas a22000007a 4500</leader><controlfield tag="001">17359176</controlfield><controlfield tag="008">880119d19501958ohuwr ne      0    0eng d</controlfield><datafield ind1=" " ind2=" " tag="010"><subfield code="a">sn 88077074 </subfield></datafield><datafield ind1=" " ind2=" " tag="040"><subfield code="a">ONP</subfield><subfield code="b">eng</subfield><subfield code="c">ONP</subfield><subfield code="d">OCLCQ</subfield></datafield><datafield ind1=" " ind2=" " tag="042"><subfield code="a">msc</subfield></datafield><datafield ind1="0" ind2=" " tag="130"><subfield code="a">Journal (Fort Recovery, Ohio : 1950)</subfield></datafield><datafield ind1="1" ind2="4" tag="245"><subfield code="a">The Journal.</subfield></datafield><datafield ind1=" " ind2=" " tag="260"><subfield code="a">Fort Recovery, Ohio :</subfield><subfield code="b">Journal Pub. Co.,</subfield><subfield code="c">-1958.</subfield></datafield><datafield ind1=" " ind2=" " tag="310"><subfield code="a">Weekly</subfield></datafield><datafield ind1="1" ind2=" " tag="362"><subfield code="a">Began with Aug. 18, 1950 issue.</subfield></datafield><datafield ind1="0" ind2=" " tag="362"><subfield code="a">-v. 67, no. 36 (Sept. 12, 1958).</subfield></datafield><datafield ind1=" " ind2=" " tag="515"><subfield code="a">Aug. 25, 1950 misnumbered Vol. 54 instead of 59.</subfield></datafield><datafield ind1=" " ind2=" " tag="588"><subfield code="a">Description based on: Vol. 54, no. 33 (Aug. 25, 1950).</subfield></datafield><datafield ind1=" " ind2=" " tag="752"><subfield code="a">United States</subfield><subfield code="b">Ohio</subfield><subfield code="c">Mercer</subfield><subfield code="d">Fort Recovery.</subfield></datafield><datafield ind1="0" ind2="0" tag="780"><subfield code="t">Journal and the Mercer County photo-news</subfield><subfield code="w">(DLC)sn 88077073</subfield></datafield><datafield ind1="0" ind2="7" tag="785"><subfield code="t">Mercer County chronicle (Coldwater, Ohio : 1937)</subfield></datafield><datafield ind1="0" ind2="7" tag="785"><subfield code="t">Mercer County chronicle-journal</subfield><subfield code="w">(DLC)sn 88077075</subfield></datafield></record>